<collection xmlns="http://www.loc.gov/MARC21/slim"><record><leader>00962nam  2200253   450</leader><controlfield tag="001">184</controlfield><controlfield tag="003">http://montalegre.opacnet.com/OPAC/default.aspx?ContentAreaControl=ShowRegHoldings.ascx&amp;RegNo=16662</controlfield><controlfield tag="005">20</controlfield><datafield tag="095" ind1=" " ind2=" "><subfield code="a">PTBN00026759</subfield></datafield><datafield tag="100" ind1=" " ind2=" "><subfield code="a">20061013d1984    m  y0pora0103    ba</subfield></datafield><datafield tag="101" ind1="1" ind2=" "><subfield code="a">por</subfield><subfield code="c">spa</subfield></datafield><datafield tag="102" ind1=" " ind2=" "><subfield code="a">PT</subfield></datafield><datafield tag="200" ind1="1" ind2=" "><subfield code="a">&lt;A &gt;invenção de Morel</subfield><subfield code="f">Adolfo Bioy Casares</subfield><subfield code="g">prólogo de Jorge Luis Borges</subfield><subfield code="g">trad. Miguel Serras Pereira e Maria Teresa Sá</subfield></datafield><datafield tag="210" ind1=" " ind2=" "><subfield code="a">Lisboa</subfield><subfield code="c">Antígona</subfield><subfield code="d">1984</subfield></datafield><datafield tag="215" ind1=" " ind2=" "><subfield code="a">142, [5] p.</subfield><subfield code="d">21 cm</subfield></datafield><datafield tag="304" ind1=" " ind2=" "><subfield code="a">Tít. orig. La invención de Morel</subfield></datafield><datafield tag="675" ind1=" " ind2=" "><subfield code="a">821</subfield><subfield code="v">BN</subfield><subfield code="z">por</subfield></datafield><datafield tag="700" ind1=" " ind2="1"><subfield code="a">Bioy Casares</subfield><subfield code="b">Adolfo</subfield><subfield code="f">1914-1999</subfield></datafield><datafield tag="702" ind1=" " ind2="1"><subfield code="a">Borges</subfield><subfield code="b">Jorge Luís</subfield><subfield code="f">1899-1986</subfield><subfield code="4">080</subfield></datafield><datafield tag="702" ind1=" " ind2="1"><subfield code="a">Pereira</subfield><subfield code="b">Miguel Serras</subfield><subfield code="f">1949-</subfield><subfield code="3">28318</subfield><subfield code="4">730</subfield></datafield><datafield tag="702" ind1=" " ind2="1"><subfield code="a">Sá</subfield><subfield code="b">Maria Teresa Marques de</subfield><subfield code="4">730</subfield><subfield code="3">47518</subfield></datafield><datafield tag="801" ind1=" " ind2="0"><subfield code="a">PT</subfield><subfield code="b">Biblioteca Municipal de Montalegre</subfield><subfield code="g">RPC</subfield></datafield><datafield tag="856" ind1=" " ind2=" "><subfield code="u">locateMedia.asp?cod=20060510094139&amp;ext=jpg</subfield><subfield code="z">CAPA</subfield></datafield><datafield tag="909" ind1="&#9;" ind2=" "><subfield code="a">2</subfield></datafield><datafield tag="966" ind1=" " ind2=" "><subfield code="a">0008264</subfield><subfield code="l">BMM</subfield><subfield code="s">SCG 821.134.2(7/8) BIO inv</subfield></datafield><datafield tag="966" ind1=" " ind2=" "><subfield code="a">0008441</subfield><subfield code="l">BMM</subfield><subfield code="s">SCG 821.134.2(7/8) BIO inv</subfield></datafield></record></collection>